3967 5009
506 596 702 716 'iu-⁵
843 622 1181 716 otoie.

468 764 473 769 ’
563 748 856 887 ertem·spetieres;
879 764 1058 887 magnifica
1072 806 1182 876 tamen
1194 764 1426 875 'satinsrfitum

559 890 603 966 oi
624 911 776 967 naturam
802 890 880 967 ioci.
929 888 1042 959 Moles
1065 912 1177 962 aurem
1207 893 1248 965 de
1270 895 1425 990 oper-ibus

437 980 444 1005 ’
567 997 645 1067 artis
665 995 795 1087 potiore
817 988 964 1087 quodam
986 994 1057 1059 iure
1070 990 1173 1087 vulgo
1193 994 1260 1064 dici
1273 1009 1436 1091 'putarun-

565 1091 830 1186 Muitafluidem
853 1090 926 1160 lota
942 1094 977 1164 ὃ(
990 1114 1089 1187 opera
1105 1114 1144 1167 ex
1157 1091 1226 1162 alio
1242 1114 1343 1191 atque
1359 1097 1426 1170 aiio

441 1264 445 1273 ,
565 1191 643 1267 loco
663 1192 861 1262 'considerata
878 1190 934 1261 uel
949 1192 1073 1279 moles,
1089 1192 1143 1267 vel
1161 1199 1364 1291 pyramides,
1376 1203 1428 1266 vi.

478 1368 481 1373 ,
566 1294 720 1373 deantur,
744 1312 816 1401 quae
831 1292 899 1391 ipsa
920 1313 1033 1363 tamen
1053 1292 1159 1389 perse
1174 1300 1208 1367 ἀ
1224 1295 1297 1365 aliis
1319 1297 1426 1369 rursus

545 1392 551 1422 ¹
569 1420 588 1465 e
603 1394 685 1463 iocis
701 1390 839 1489 speeiem
852 1390 941 1465 nihil
956 1394 1066 1482 molis,
1084 1416 1146 1463 nec
1160 1394 1356 1494 pyramidis,‘
1367 1401 1428 1469 ha·

568 1489 644 1567 bere
661 1494 827 1581 videntur.
920 1514 926 1533 ¹
1167 1522 1174 1554 κ

524 1672 528 1679 ,
619 1596 675 1667 ΙΧ.
700 1598 757 1678 Et,
771 1599 848 1689 quia
864 1614 1118 1666 monumentum
1134 1596 1240 1680 idem,
1265 1622 1342 1668 curn
1358 1598 1428 1671 hec

530 1710 533 1721 “
566 1694 738 1791 inscriptio
753 1694 1018 1788 confingebatur,
1030 1697 1181 1768 'nondum
1195 1698 1353 1773 cadavera
1364 1703 1427 1772 ho·

441 1812 446 1833 ¹
565 1802 697 1893 minum
710 1793 835 1893 sepulta
851 1794 1065 1883 continebat,
1086 1804 1117 1867 oc
1130 1795 1206 1866 aliis
1222 1804 1303 1869 item
1317 1796 1428 1873 usibus

424 1962 427 1969 .
481 1960 486 1971 .
519 1902 523 1915 '
567 1898 728 1971 sacratum
748 1917 833 1975 erat.
869 1901 916 1964 uti
939 1895 1062 1993 templa
1083 1897 1190 1967 noiira
1214 1896 1281 1968 fere
1301 1898 1427 1987 saerata

419 2054 440 2091 Ι.
566 1998 660 2079 sunt,
684 1996 821 2066 fidenter
843 1994 1028 2093 sepulcrum
1051 1994 1113 2067 esse
1130 2016 1292 2093 negatur,¹
1309 2024 1427 2095 quam·

416 2113 417 2122 ’
507 2126 511 2135 ’
565 2104 617 2170 vis
639 2102 739 2187 etiam
757 2090 965 2193 sepulchrum
988 2094 1080 2179 esset,
1104 2095 1217 2169 &eise
1239 2098 1378 2170 deberet.
1436 2146 1439 2151 -

543 2250 548 2265 .
614 2200 656 2276 X.
680 2196 743 2266 Se'd
755 2194 910 2289 Pristim,
925 2220 1003 2267 cum
1031 2195 1189 2285 nesciret,
1212 2204 1268 2293 qui
1290 2203 1428 2272 tandem

467 2352 512 2395 ³,
560 2290 675 2379 ¹forent
692 2302 738 2382 ii,
769 2303 827 2393 qui
842 2299 906 2367 huc
928 2295 1142 2380 inferrentur,
1178 2318 1236 2367 aut
1256 2298 1345 2369 mole
1365 2300 1427 2370 iiia

479 2444 483 2453 ·
562 2416 748 2480 uterentur,
776 2420 968 2492 quanquam
998 2396 1173 2467 hominum
1202 2395 1297 2468 usum
1324 2398 1428 2470 facile

562 2501 743 2597 praevidere
768 2514 915 2594 poterat,
951 2500 987 2567 δε
1015 2497 1184 2596 cumipse
1212 2497 1426 2595 spoliaverat,

470 2606 474 2617 '
564 2596 768 2677 beiieait,se
784 2587 1426 2692 &scire,&nescire‚cuimomrmentum

437 2734 442 2749 ·
493 2718 496 2723 ’
560 2694 646 2792 istud
655 2686 805 2799 posuerit.
862 2698 1009 2768 Scienter
1028 2698 1164 2791 quidem
1183 2696 1330 2793 loquitur
1355 2722 1425 2773 tam

563 2797 757 2881 inscienter,
777 2801 827 2868 uti
842 2797 1019 2871 inscienter
1032 2794 1154 2868 fecerat
1166 2820 1426 2874 monumentum
1452 2876 1454 2881 ,

564 2898 703 2977 iliud&
722 2896 872 2971 scienter.
941 2956 947 2973 .

611 3002 667 3073 Xi.
689 3002 808 3096 Neque
826 3017 905 3069 vtro
933 3000 1143 3094 quemquam
1160 2994 1289 3071 offendi
1320 2995 1424 3073 eelim

486 3152 489 3157 .
560 3102 664 3181 literis
691 3104 806 3184 ΠΜ,
830 3120 901 3196 quae
915 3095 1092 3192 gentilium
1114 3118 1331 3170 monumenta
1354 3121 1424 3172 tanr

483 3220 485 3225 ’
560 3200 674 3303 ¹crebro
701 3201 892 3295 insigniunt.
940 3202 1074 3269 Certum
1098 3199 1142 3271 esi
1161 3206 1307 3270 enimerc
1330 3200 1424 3272 iibtio
1465 3222 1467 3227 ·

443 3340 446 3345 ·
493 3368 496 3375 ,
562 3298 713 3383 inirent,
728 3305 872 3385 Graecei,
886 3302 923 3393 ot
936 3296 1091 3382 aliorum,
1110 3305 1168 3396 qui
1190 3300 1423 3396 inscriptiones

561 3401 786 3497 collegerunt,
817 3402 948 3475 eaedem
974 3425 993 3469 a
1015 3407 1241 3472 monumentis
1265 3401 1423 3472 Chriiiia·

536 3579 539 3585 ,
563 3510 683 3589 riorum
698 3524 770 3574 non
784 3506 889 3599 magis
904 3496 1017 3575 ,abesse
1032 3499 1145 3573 solere.
1196 3507 1245 3585 Er,
1258 3507 1423 3597 quoniam
1482 3492 1484 3505 '

559 3605 628 3678 iliae
651 3613 751 3677 Deion
762 3608 915 3707 Μάρτιαι
934 3600 1060 3696 signare
1073 3601 1222 3701 possunt,
1255 3603 1368 3674 saitem
1384 3602 1422 3674 in
1443 3600 1448 3613 ‘

524 3760 527 3767 .
562 3708 822 3778 Christianorum
838 3700 1061 3775 monumentis
1080 3726 1156 3773 eum
1174 3722 1277 3774 unum
1295 3702 1422 3798 signare

561 3798 697 3905 debent,
716 3826 884 3905 propterea
899 3805 991 3901 quori
1010 3802 1129 3898 religio
1149 3796 1287 3874 iliorum
1309 3822 1422 3900 preter

541 3922 667 3982 enum
679 3900 899 4014 ¹Deutrrluiir'ii
912 3902 1050 4004 augusti,
1063 3926 1125 3981 uec
1145 3902 1274 4002 summo
1290 3906 1421 3978 honore

638 4030 642 4037 '
1312 4007 1423 4107 digni,
