3967 5009
443 2633 450 2643 ,
545 2578 675 2653 secutus

489 566 688 699 ἐπὶ·
833 598 1266 697 molo<
1447 668 1451 711 q

550 786 675 853 exorta,
687 765 754 841 sese
768 767 811 839 ad
821 767 986 839 edendum
997 765 1114 865 pascha
1124 770 1170 841 ¹in
1186 767 1345 841 conclavi
1358 766 1413 841 illo
1449 790 1451 797 ·

548 869 757 969 composuit,
772 869 872 965 idque
886 866 998 967 postea
1012 868 1098 956 edit,
1113 866 1328 971 perspicuum
1343 868 1413 943 sane

550 974 613 1056 est,
634 969 739 1043 lesum
763 965 872 1041 vixisse
885 970 1013 1054 adhuc,
1034 994 1112 1041 cum
1126 975 1186 1061 ΧΥ
1202 970 1275 1041 diei
1298 970 1413 1043 mense

509 1122 512 1127 -
550 1073 658 1147 Nisan
686 1066 840 1169 coepilset.
901 1074 1036 1141 Marcus
1072 1072 1220 1141 dilucide
1258 1092 1412 1171 apparato

549 1174 692 1256 Pascha,
715 1174 807 1247 domi
825 1170 972 1253 edendo,
997 1173 1065 1241 hec
1080 1170 1271 1243 subiunxit:
1298 1170 1412 1269 οψίις
1450 1262 1452 1269 Ι

494 1260 500 1287 ’
551 1273 719 1375 γενομένης
746 1266 905 1373 binnan
924 1267 1014 1363 μησὶ
1028 1271 1087 1347 τῶν
1109 1265 1256 1361 δώδεκα,
1270 1264 1421 1377 [ψεῖ
1446 1300 1452 1343 s

482 1396 485 1403 ·
550 1376 617 1449 diei
622 1390 719 1475 perte
737 1378 801 1443 iem
820 1373 1009 1462 inclinatae,
1032 1364 1076 1442 ὅ
1097 1369 1218 1473 elapsa,
1237 1380 1329 1445 ueni
1348 1396 1412 1443 une
1450 1432 1453 1467 ζ

551 1468 711 1647 discipulis
730 1474 794 1545 illie
814 1472 976 1544 duodecim
998 1467 1083 1567 scfin
1101 1477 1137 1543 in
1154 1472 1321 1545 conclave
1339 1476 1411 1551 Hie·
1451 1478 1453 1511 ³

549 1574 628 1649 roso
643 1578 850 1667 ymitanum,
869 1579 907 1643 in
929 1597 998 1668 quo
1021 1571 1140 1645 Pascha
1162 1572 1335 1646 edendum
1349 1570 1409 1645 sue·
1434 1514 1453 1641 l

550 1698 603 1749 rat
617 1696 779 1775 paratum.
825 1678 907 1745 Haec
923 1694 992 1745 erat
1007 1675 1087 1743 hora
1105 1673 1183 1757 illa,
1208 1672 1272 1745 illa
1291 1695 1408 1771 tempo·

550 1782 593 1850 tis
613 1775 805 1874 pradesiniti
824 1773 981 1871 solitique
1002 1797 1095 1869 pars,
1116 1799 1183 1869 qua
1206 1772 1329 1871 pascha
1342 1798 1408 1871 pre·
1446 1786 1448 1793 '

550 1900 702 1981 paratum
715 1875 839 1947 solebat
853 1875 907 1946 edi
933 1880 970 1945 in
984 1896 1070 1944 certa
1086 1897 1126 1944 ac
1140 1875 1304 1959 ddlinata
1318 1874 1408 1947 socie·

548 2000 627 2053 tate.
675 1976 842 2049 Accubuit
855 1974 957 2059 lesus,
981 1999 1022 2045 ac
1036 1975 1140 2045 multa
1158 1980 1309 2072 peregit,
1349 1997 1407 2071 qne

549 2088 639 2153 intra
660 2076 844 2177 crepusculi
871 2075 1037 2147 motulam
1065 2077 1155 2147 haud
1178 2096 1340 2174 poterant
1364 2096 1408 2147 tx·

550 2183 669 2281 pediti.
717 2182 803 2250 soen.
825 2174 922 2260 XIII,
937 2198 976 2266 50
988 2168 1061 2275 seq.
1090 2179 1187 2266 XIV,
1212 2180 1294 2263 XV,
1309 2176 1408 2259 XVII,

548 2281 685 2361 XVIII,
712 2299 734 2349 t.
938 2280 942 2287 '

446 2454 453 2467 ,
594 2384 637 2453 V.
662 2382 763 2447 Cruci
791 2373 904 2447 affixus
933 2374 1000 2447 fuit
1028 2376 1116 2447 lesus
1140 2374 1194 2447 die
1220 2382 1286 2449 XV
1303 2372 1408 2451 meust

547 2478 663 2567 Nisan.
690 2482 703 2547 l
728 2476 760 2548 se
775 2482 919 2573 enimin
935 2500 1031 2546 cruce
1045 2476 1174 2548 deceffit
1189 2477 1244 2549 die
1262 2478 1348 2565 illo,
1361 2478 1409 2575 qui

694 2502 761 2648 buit
782 2578 917 2649 nollem
937 2575 1054 2661 illam,
1074 2601 1145 2673 quae
1161 2583 1294 2676 excepit
1312 2576 1410 2676 vespe·

546 2704 622 2753 aaut
643 2677 754 2762 illam,
777 2692 843 2773 q'ua
864 2676 932 2774 ipsc
954 2680 1047 2746 venit
1070 2681 1231 2757 Bethania
1256 2678 1410 2751 Hieroso-
1438 2702 1441 2715 ·

547 2780 695 2873 butam,
710 2778 824 2875 ibique
839 2776 1013 2857 accubuit,
1035 2777 1212 2874 cibumque
1227 2802 1307 2853 tum
1321 2778 1411 2853 disci·

429 2872 434 2885 ’
544 2879 636 2983 pulit
654 2878 775 2951 sumsit
824 2882 870 2949 At
885 2881 954 2950 haec
966 2876 1096 2973 vespera
1111 2876 1257 2961 succeffit
1271 2882 1339 2953 diei
1352 2878 1411 2961 illi.
1451 2858 1455 2911 ¹

545 3007 617 3081 quo
632 2977 786 3077 discipuli
803 2978 941 3062 Pascha,
957 2978 1048 3073 quod
1061 3000 1143 3051 tunc
1156 2981 1333 3076 oportebat
1344 3004 1412 3051 ma·
1454 3050 1455 3057 ,

548 3086 647 3165 flaui,
680 3098 888 3177 apparatum.
950 3079 1115 3148 Nondum
1146 3084 1248 3174 igitur
1278 3079 1412 3178 patescit

547 3188 653 3264 ratio,
676 3203 735 3259 cut
748 3178 835 3249 lesus
854 3177 1013 3249 dicendus
1027 3178 1065 3248 stt
1084 3203 1210 3274 agnum
1225 3180 1412 3278 paschalem
1452 3204 1456 3213 ·

463 3354 468 3361 ,
546 3282 635 3357 haud
647 3274 832 3379 comedisse.
886 3281 974 3348 Cum
988 3302 1169 3350 verocetta
1186 3280 1250 3352 sint
1266 3308 1306 3355 ea
1319 3332 1330 3365 ,
1344 3304 1411 3378 quc

549 3408 591 3454 ex
613 3380 688 3479 ipses
709 3377 924 3473 Evangelislis
944 3378 1174 3475 produximus.
1201 3374 1411 3455 omninovi·

547 3486 696 3567 <lendum
716 3478 779 3565 ell,
800 3504 841 3549 an
856 3502 912 3562 ea,
932 3502 1005 3575 que
1019 3485 1056 3551 in
1077 3488 1285 3556 contrarium
1306 3480 1411 3565 affui

548 3586 680 3667 solent,
709 3580 772 3653 fint
793 3604 885 3679 aeque
907 3602 991 3652 certa
1018 3586 1054 3653 ἀ
1073 3580 1184 3664 sinna,
1214 3581 1413 3681 dissolvique
1441 3638 1443 3643 -

499 3764 505 3779 ,
547 3682 670 3787 possent
688 3688 754 3769 ita,
776 3704 813 3753 ut
828 3681 917 3753 nibil
938 3681 1070 3781 supetst
1084 3680 1296 3757 difficultatis.
1347 3686 1411 3757 l’ti·

1342 3806 1413 3857 nne

589 3946 630 4027 lt)
653 3946 769 4027 Vespere
784 3946 887 4013 exaesa.
929 3944 975 4008 Ite
987 3948 1143 4011 Herodotus
1163 3952 1186 4025 l,
1199 3972 1249 4025 73:
1265 3950 1356 4033 Xpe'n
1369 3971 1412 4026 yn·

634 4034 743 4107 sepcies,
759 4031 1000 4113 tenporeexecso,
1022 4030 1119 4115 elepfh.
