3967 5009
551 552 701 683 “nt
865 574 974 673 'o
1027 578 1215 680 (050

626 778 762 829 eernere
776 754 938 849 punine,
950 752 1113 847 quonian
1125 760 1200 829 ean
1214 754 1364 847 ninom
1374 780 1500 853 penten

625 880 695 931 non
716 856 822 945 qaodo
841 876 909 931 non
929 855 964 931 in
984 854 1127 929 tenebris
1148 858 1323 951 reliquerit
1341 858 1499 935 tetrusuu

623 978 727 1051 atque
738 956 893 1038 abditam,
906 954 962 1029 sed
976 956 1169 1031 mirabiliter
1181 960 1385 1033 excoluerit.
1408 982 1415 993 ·
1439 966 1497 1035 Ve-
1554 956 1559 965 ’

623 1056 801 1135 nm'illiut
815 1058 884 1129 loci
896 1058 1022 1133 Liviae
1043 1060 1350 1153 interpretationem
1369 1062 1497 1137 videin
1541 1054 1554 1109 '⁴‘

623 1152 699 1255 Dis.
718 1160 784 1231 Vn
800 1160 911 1255 magni
924 1160 1084 1231 Paeonia·
1102 1156 1143 1231 do
1162 1154 1335 1261 Rtpnllica
1354 1164 1497 1239 nm

620 1262 896 1363 mummi!
948 1260 1498 1355 omniumomniuni&

463 1358 467 1367 ’
589 1338 915 1457 xtea.Conl‘.§12'
986 1367 1136 1463 pag-706.
1160 1363 1537 1461 Addqquodveie2

619 1462 734 1535 nonde
749 1465 786 1535 dt
804 1462 953 1536 modeste
966 1465 1124 1539 dixerunt
1139 1466 1302 1543 nudiores
1320 1464 1496 1559 prisci,id
1535 1476 1538 1509 ²

421 1598 429 1605 ·
507 1626 516 1639 .
621 1562 732 1637 fraudi
746 1564 810 1637 illis
825 1565 890 1639 esse
903 1564 997 1639 nullo
1012 1566 1117 1639 modo
1132 1565 1246 1639 debet.
1269 1566 1410 1641 Etenim
1425 1567 1494 1663 plu·
1558 1616 1560 1621 -

617 1668 775 1749 nunno
790 1690 826 1737 re
835 1664 989 1759 prestare,
1010 1690 1113 1762 quana
1126 1666 1237 1739 verbis
1250 1666 1424 1761 polliceri,
1438 1692 1495 1741 vo-

516 1784 525 1809 “-
621 1764 711 1848 luit,
741 1764 1001 1867 glorioliutsbi
1018 1768 1163 1853 ducem,
1187 1790 1231 1843 ex
1253 1762 1354 1839 fumo
1378 1769 1496 1863 lucen,

621 1888 728 1961 quam
739 1892 783 1941 ex
801 1867 936 1961 fulgore
950 1866 1095 1950 fumuni,
1115 1867 1204 1940 dare.
1251 1871 1291 1939 ln
1314 1868 1494 1963 Scriptoii·
1541 1884 1544 1891 ·

616 1964 684 2039 laun
699 1990 814 2041 contra
830 1966 946 2039 nostris
961 1992 1031 2039 rara
1048 1968 1112 2041 esse
1127 1968 1212 2039 solet
1226 1968 1350 2061 inopie
1366 1968 1495 2043 conses-

524 2092 532 2145 ·,
565 2116 568 2127 -
618 2066 682 2143 sio.
731 2072 868 2164 Exquo
881 2068 922 2140 fit
934 2068 1152 2165 plenamque,
1175 2087 1215 2139 ut
1229 2070 1353 2141 veteris
1367 2094 1492 2143 meno

523 2212 526 2217 ·
619 2170 677 2243 tie
700 2171 850 2249 divitias,
879 2171 913 2243 in
936 2172 1073 2265 ancipiti
1095 2190 1205 2241 rerum
1228 2168 1438 2243 iudicatione
1459 2171 1493 2242 ab

619 2272 820 2343 Austoribus
834 2272 940 2341 nimio
958 2272 1091 2365 pudore
1104 2290 1304 2351 extenuatas,
1328 2268 1494 2365 sepiffime

619 2370 743 2443 nostras
765 2370 978 2453 extollendo,
1011 2394 1073 2463 per
1093 2370 1359 2443 contemtionem
1384 2374 1493 2471 depri-

619 2494 756 2547 mamus,
793 2469 971 2562 Equidem,
985 2470 1279 2563 magnasnuberes
1292 2493 1492 2546 monumen·

618 2590 732 2643 torum
763 2571 920 2665 reliquias
942 2572 1087 2643 incendii
1110 2572 1229 2643 Gallici
1244 2571 1400 2646 fluorem
1422 2598 1493 2646 eva·

617 2668 703 2753 lille,
722 2696 791 2743 non
813 2691 879 2742 tam
896 2671 979 2743 mihi
994 2671 1193 2766 persuadeo,
1218 2696 1319 2766 quana
1344 2698 1391 2746 ex
1413 2676 1490 2745 locis

615 2774 804 2855 studiorum
822 2767 1007 2843 firmiffimis
1021 2796 1101 2849 mox
1117 2771 1360 2843 demonshabo.
1421 2777 1491 2858 Fac,

618 2876 777 2958 Senones,
785 2894 879 2966 capta
893 2873 986 2956 urbe,
1002 2874 1103 2943 multa
1115 2870 1323 2944 inflammasse
1339 2876 1492 2967 ingenio·

468 3024 472 3033 ,
565 3034 570 3043 .
614 2998 693 3050 tum
718 2975 920 3047 monimenta
940 2997 1054 3045 vetera
1070 2980 1101 3043 δι
1119 2975 1328 3065 incorrupta,
1354 2998 1439 3044 num
1457 2978 1490 3047 in

576 3074 579 3080 ’
616 3084 705 3147 ta'nta
728 3076 923 3167 resurgentis
939 3074 1030 3145 urbis
1052 3072 1316 3164 pulchritudine,
1340 3096 1420 3171 quae
1442 3099 1492 3150 re·

615 3177 722 3269 parari
746 3174 950 3267 nequibant,
980 3174 1135 3246 Seniores
1159 3198 1227 3244 non
1248 3178 1490 3248 meminerunt?

617 3276 745 3371 Quidni
768 3276 898 3356 credas,
922 3295 1135 3347 monumenta
1147 3274 1282 3368 publica
1300 3282 1331 3348 ἃ
1346 3278 1491 3350 Annales

617 3380 780 3449 maximos
795 3400 814 3447 e
830 3375 951 3469 quibus
966 3374 1222 3471 perdiscendum
1236 3380 1287 3449 ius
1302 3377 1416 3461 civile,
1432 3402 1490 3451 co-

618 3478 812 3579 gnoscendo
834 3479 940 3572 leges,
973 3477 1189 3571 percipienda
1212 3481 1320 3551 omnis
1344 3480 1489 3573 antiqui·

618 3602 684 3663 tas,
705 3580 865 3656 senatoria
878 3576 1109 3659 consuetudo,
1131 3579 1301 3673 disciplina
1314 3580 1365 3653 rei
1377 3578 1488 3673 publi-

539 3742 545 3767 ,
619 3702 683 3765 ee,
706 3685 775 3755 iura
800 3679 987 3763 sociorum,
1018 3678 1162 3765 soedera,
1185 3683 1369 3775 padioneo,
1397 3685 1488 3753 ouusa
1558 3688 1561 3695 '

584 3780 749 3873 ,imperii
783 3782 1014 3875 cognoscenda
1034 3802 1126 3863 erat,
1168 3801 1322 3879 tanquam
1344 3804 1419 3852 rem
1442 3778 1488 3854 sa·

462 3926 468 3941 ,
617 3906 703 3955 eram
720 3882 946 3957 Pontificibus,
958 3882 1162 3993 pernitiam,
1184 3888 1352 3985 Romanos
1368 3883 1404 3951 in
1427 3884 1489 4057 cli

1274 4042 1276 4047 ·
1373 4002 1451 4090 9³²⁰
1477 4022 1492 4042 ’
