3967 5009
617 586 676 677 ⁶52
929 574 970 657 θ
1019 576 1123 671 (θ’)
1169 582 1254 679 or,
1361 652 1363 657 .
1443 666 1448 683 ,

616 766 704 821 certe
726 748 837 815 Latini
852 740 1012 815 sermonis
1038 742 1169 829 suadet,
1201 764 1243 817 ut
1259 742 1330 817 hoc
1354 748 1492 823 nomine

615 870 832 921 monumenta
851 846 1004 941 publica,
1033 850 1126 925 cuius
1140 850 1274 940 generis
1289 846 1372 919 sunt
1393 852 1494 923 Arma·

615 952 821 1030 irretimini,
842 948 1110 1042 complodamur.
1153 948 1281 1018 Praestnt
1297 956 1446 1023 enimin
1459 977 1491 1027 re

525 1038 528 1047 Ι
615 1053 717 1125 dubia
759 1072 950 1121 communes
980 1049 1220 1143 interpretandi
1260 1048 1356 1145 leges
1384 1052 1493 1151 sequi,

613 1178 716 1249 quam
741 1151 862 1221 iudicia
885 1146 1144 1219 <iustissimorum
1168 1152 1359 1225 hominum
1383 1158 1491 1251 impu.

614 1256 751 1325 tentiori
774 1252 906 1321 decreto
927 1250 1114 1345 explodere.
1174 1254 1310 1340 Quouis
1334 1276 1420 1353 ergo
1442 1262 1493 1355 pi·

612 1377 718 1451 gnore
741 1352 944 1423 contendc're
963 1370 1074 1420 tecum
1090 1348 1212 1435 ausim,
1237 1356 1411 1431 ‚annalium
1430 1382 1490 1428 mo.

611 1470 759 1525 nimenta
785 1452 875 1549 apud
897 1456 1071 1519 Ciceronem
1098 1450 1330 1523 decimalibus
1361 1477 1489 1532 tantum

609 1562 757 1627 maximo
772 1576 848 1623 vere
863 1552 941 1624 dici.
979 1559 1017 1622 In
1034 1552 1300 1627 inuenirim«)
1319 1582 1401 1628 curn
1417 1564 1488 1657 Epi-

565 1720 574 1729 .
610 1662 719 1731 tureis
743 1656 901 1725 acerrime
923 1654 1098 1723 contendit
1119 1656 1235 1722 Cicero.
1295 1658 1487 1748 Qibusex

611 1748 712 1829 cnusrs¹
727 1779 799 1825 non
807 1758 1012 1849 Scriptorum
1028 1756 1201 1850 quaerenda
1219 1776 1302 1839 erat,
1313 1758 1376 1830 sed
1391 1762 1485 1831 Auo

537 1894 542 1913 ·
607 1855 945 1953 rum&publicorum
955 1854 1261 1941 instrumentorum,
1276 1866 1393 1956 caque
1409 1860 1484 1949 sola,

608 1962 796 2031 audieritas.
845 1954 1004 2025 Similiter
1018 1960 1064 2024 rei
1078 1954 1171 2049 gestae
1186 1954 1289 2027 fidem
1302 1958 1484 2033 lectoribus

606 2060 676 2133 suis
689 2057 879 2155 persuadere
898 2078 970 2122 non
985 2052 1140 2151 potuisset
1156 2057 1284 2140 Florus,
1309 2060 1380 2131 nisi
1396 2084 1482 2159 pute·

606 2184 663 2233 tur
678 2159 805 2230 arenulas
823 2161 992 2237 maximos,
1015 2170 1174 2251 tanquam
1195 2157 1289 2228 testes
1317 2170 1419 2233 omni
1434 2187 1481 2235 ex·

606 2268 762 2361 ceptione
776 2262 936 2338 maiores,
960 2252 1108 2327 suscitare
1121 2254 1270 2327 voluisse.
1328 2265 1408 2335 Nec
1422 2290 1482 2338 cre·

606 2364 755 2437 dendum
771 2359 833 2442 est,
847 2361 1038 2439 Varronem,
1054 2360 1110 2453 qui
1125 2378 1253 2428 aetatem
1270 2368 1406 2453 patriae,
1427 2372 1481 2464 qui

603 2484 794 2559 temporum
820 2457 1074 2555 descriptiones,
1104 2464 1161 2553 qui
1188 2458 1365 2534 sacrorum
1395 2470 1481 2555 iura,
1536 2514 1539 2525 ·

604 2569 664 2661 qui
678 2561 901 2641 sacerdotum,
914 2565 973 2655 qui
988 2559 1218 2641 domesticam,
1241 2567 1303 2655 qui
1323 2564 1481 2639 bellicam
1540 2600 1542 2605 ·

602 2662 834 2760 disciplinam,
858 2663 915 2754 qui
930 2666 1084 2728 omnium
1104 2660 1293 2729 divinarum
1313 2665 1480 2739 humana·

600 2789 742 2861 rumque
757 2784 864 2831 rerum
878 2764 1039 2847 nomina,
1055 2765 1219 2853 origines,
1243 2786 1392 2856 genera,
1408 2768 1479 2841 offi-

599 2871 668 2955 cia,
682 2863 804 2945 causas,
819 2882 1000 2957 aperuerat,
1015 2884 1086 2958 non
1101 2882 1165 2929 tam
1184 2857 1260 2957 ipsis
1277 2867 1396 2961 priscae
1410 2896 1478 2940 me.

599 2972 715 3041 moriat
731 2964 892 3041 fontibus,
909 2986 1011 3058 quam
1027 2960 1220 3058 scriptorum
1233 2964 1368 3061 rivulis,
1381 2968 1482 3043 suurn·

597 3076 734 3164 irrigare
756 3063 900 3134 fundum
919 3058 1069 3133 voluisse.
1135 3066 1216 3131 Eam
1243 3088 1402 3159 praetcrea
1424 3062 1475 3141 dr·-
1535 3124 1539 3133 .

597 3170 697 3241 cendi
718 3165 993 3236 consuetudinem
1020 3162 1147 3233 servant
1170 3164 1354 3251 ductores,
1381 3192 1430 3259 ut,
1449 3171 1474 3243 si

594 3277 799 3365 Scriptorum
819 3265 957 3333 annales
975 3265 1165 3335 intollecios
1187 3264 1314 3350 velint,
1341 3271 1398 3342 vei
1415 3274 1473 3344 ad.

596 3366 875 3466 icimur-quidum,
899 3368 972 3448 alit,
1000 3390 1119 3448 omnes,
1136 3367 1260 3464 plures,
1285 3368 1344 3439 vel
1361 3371 1471 3467 ipsum

594 3474 682 3543 testis
699 3494 837 3550 nornen,
857 3470 1029 3537 adiiciant.
1087 3474 1130 3535 Ita
1146 3465 1336 3539 liuius-Lib.
1353 3477 1391 3541 ii
1403 3494 1469 3571 cap.

588 3593 656 3661 54:
680 3580 713 3641 in
727 3566 909 3670 quibusdum
927 3590 988 3668 pro
1011 3571 1151 3665 Uirginio
1166 3566 1339 3639 marlino
1352 3566 1470 3673 Consu.

535 3682 545 3707 ³
592 3672 653 3742 lom
676 3679 819 3754 inuenio5
843 3666 908 3741 Lib.
924 3674 974 3739 sss
983 3692 1048 3768 cap.
1063 3684 1103 3745 8:
1127 3673 1222 3767 Signa
1246 3676 1371 3743 XXVII
1386 3679 1468 3747 mili·

592 3780 680 3843 carin
694 3778 796 3843 reluta
810 3782 843 3843 in
857 3769 1041 3873 quibusdam
1054 3770 1214 3841 arrrrolibur
1231 3766 1380 3859 inventio,
1399 3774 1467 3849 Hb.

592 3876 729 3979 Vsicap.
744 3890 792 3955 13:
818 3882 856 3950 ln
869 3870 1055 3977 quibusdam
1068 3870 1229 3949 ortensibus
1250 3898 1313 3979 pro
1329 3882 1467 3973 Quintio
1543 3918 1546 3925 ·

593 4008 600 4021 ·
1052 3975 1055 3981 ’
1227 4014 1229 4019 ·
1306 3980 1467 4089 Popilium
1562 4038 1565 4051 .
