3967 5009
432 544 685 692 ‘vll'
789 528 1126 669 'sslal'u

482 720 485 725 ὓ
526 739 713 843 solinum,
731 738 945 813 &locurum
994 728 1142 812 Noverat
1161 739 1313 826 Adamut,
1335 740 1430 815 limi.

514 880 516 885 ·
562 866 631 917 tem
660 851 746 913 inter
771 856 874 936 regna*
909 847 1091 912 Damae&
1119 847 1302 936 Germaniae
1330 843 1429 917 fuille

494 994 497 999 ·
544 946 736 1043 'quondam
759 944 988 1024 constitutum,
1013 942 1080 1038 ipse
1095 945 1136 1013 de
1157 967 1197 1012 eo
1212 944 1343 1013 locutus
1357 941 1428 1023 Lib

432 1120 456 1141 ,Ι
563 1052 587 1123 I
595 1066 727 1145 cap
788 1048 972 1113 Autliverat
990 1068 1146 1139 quoque
1162 1046 1203 1114 de
1237 1044 1475 1116 Manliana,

563 1138 650 1215 olim
673 1145 828 1214 ordinato
852 1146 894 1214 ad
915 1146 1055 1214 tuendos
1079 1144 1202 1213 limites
1224 1164 1339 1213 contra
1357 1151 1429 1215 Da·

562 1259 686 1325 norum
701 1250 929 1343 irruptionem,
949 1244 1152 1341 coloniaque
1168 1244 1309 1315 eodem'
1300 1269 1336 1313 ιιι
1347 1245 1430 1316 loco

452 1364 468 1451 Ἰ
562 1350 738 1417 Santonica.
788 1351 867 1415 Haec
886 1370 963 1415 curn
977 1344 1092 1415 Adama'
1107 1366 1260 1441 tempore
1282 1344 1377 1416 nulla
1394 1349 1432 1416 ἀ

563 1471 727 1542 nusquam
756 1446 1028 1529 inveniebantur,
1057 1445 1263 1542 quaesiverit,
1292 1452 1432 1541 opinor,

427 1522 430 1529 ¹
482 1600 485 1607 .
527 1538 530 1545 ¹
564 1548 606 1617 ab
624 1542 787 1643 Episcopo
810 1550 928 1627 Dano,
949 1571 1115 1639 aeque,ac
1138 1544 1206 1640 ipse
1221 1545 1303 1628 fuit,
1326 1546 1434 1616 histo·

490 1714 494 1725 ,
563 1652 688 1723 riarum
720 1645 928 1731 nostrarum,
968 1666 1006 1712 ut
1029 1644 1118 1714 haud
1137 1669 1211 1714 raro
1247 1649 1431 1740 contingit,

452 1780 455 1785 ·
476 1760 481 1769 “
561 1753 757 1840 ignorante,
774 1751 826 1837 &7
834 1768 906 1841 quae
914 1743 951 1812 ab
970 1744 1033 1813 illo
1049 1750 1184 1841 accepit,
1198 1746 1430 1819 inadversaria

561 1847 618 1919 sua
635 1846 791 1921 retulerit.
846 1850 945 1915 Tanti
966 1849 1127 1913 nimirum
1148 1841 1298 1929 refert,
1289 1870 1429 1942 roquos
1477 1896 1480 1905 .

435 1948 449 2027 ¹,
559 1949 744 2018 homines
736 1970 821 2016 mter
843 1946 1119 2041 peregrinandum
1145 1946 1347 2035 incidamus,
1369 1972 1430 2019 co-
1461 1946 1463 1951 ’

498 2046 501 2051 ’
518 2067 538 2093 ·-
560 2028 748 2141 gnoscentli
759 2049 801 2117 tle
814 2051 961 2139 antiquis
973 2050 1081 2143 gentis
1100 2044 1242 2115 alicuius
1257 2046 1353 2120 rebus
1371 2072 1430 2118 cu·

559 2148 675 2245 pidi·
671 2152 808 2217 ·-Dicam
830 2147 991 2216 breviter:
1023 2144 1202 2216 Indubium
1226 2146 1270 2216 cll
1284 2168 1430 2219 certum·

560 2272 644 2341 que,
660 2243 807 2335 exstitille
823 2247 1008 2341 aliquando
1031 2245 1241 2315 limitaneum
1258 2248 1447 2337 custodem,¹

560 2348 617 2419 seu
630 2345 818 2440 prael'eclum
835 2353 977 2428 inloto,
1003 2352 1061 2440 qui
1076 2351 1291 2417 Germaniam
1306 2374 1325 2417 a
1341 2355 1428 2420 Iutia

472 2482 475 2487 ·
559 2444 740 2539 separabat.
791 2448 860 2514 Hic
882 2467 992 2514 autem
1009 2469 1081 2515 non
1096 2446 1250 2529 Slelvici,
1274 2447 1428 2519 seuHei-

448 2548 451 2553 ’
558 2547 688 2627 debuat,
703 2558 762 2615 aut
775 2545 818 2617 ad
833 2545 937 2614 Sliam
949 2543 1105 2624 fluvium,
1121 2545 1175 2616 sed
1188 2549 1230 2616 ad
1245 2550 1427 2642 Egitloram

560 2648 644 2739 (alii
659 2647 837 2734 Eidoram)
860 2644 1019 2730 fluvium,
1041 2645 1176 2715 ulterius
1191 2652 1225 2719 δι
1240 2647 1374 2742 aliquot
1390 2657 1427 2720 in

553 2746 703 2817 'austrum
717 2745 947 2815 milliaributa
962 2750 1028 2817 Slia
1052 2752 1086 2818 &
1105 2744 1249 2815 Slesvico
1271 2746 1426 2835 diisrtum,

492 2881 495 2887 ·
559 2842 696 2931 limites
710 2846 867 2917 tuebatur.
937 2849 1040 2915 Hunc
1070 2849 1248 2916 terminum
1275 2849 1425 2945 positum

500 2978 505 2989 ·
559 2967 641 3016 tunc
677 2945 809 3031 inille,
818 2970 895 3015 curn
928 2948 1055 3016 Carolus
1073 2949 1124 3017 Μ.
1150 2951 1184 3016 &
1204 2949 1425 3050 limminga,

552 3052 677 3123 1Daniae
707 3051 827 3129 Rex,
818 3069 904 3116 mter
929 3045 961 3116 se
987 3038 1254 3145 paciscerentur,
1287 3051 1423 3121 Annales

559 3148 753 3217 francorum
777 3148 896 3218 docent
910 3148 953 3216 ad
968 3173 1019 3218 an.
1041 3158 1102 3229 811,
1125 3145 1271 3243 ipseque
1281 3153 1423 3221 Adanms

520 3275 525 3285 ·
559 3247 686 3327 lanula
702 3253 756 3318 cit.
807 3246 1092 3343 lmpofitumvero
1114 3248 1220 3318 statim
1237 3246 1333 3320 fuiffe
1354 3259 1423 3323 Co·
1474 3280 1478 3291 ’

560 3355 695 3436 mitem,
715 3347 771 3417 seu
791 3348 975 3435 custodem,
1005 3347 1128 3418 etiamsi
1151 3348 1253 3417 iidem
1281 3350 1422 3433 litorales
1446 3410 1466 3427 ,.

443 3494 460 3505 ··
557 3471 629 3518 non
646 3451 808 3553 dicerent,
828 3450 920 3565 quod
934 3470 1046 3519 tamen
1062 3447 1190 3518 fatiunt
1197 3450 1438 3553 ,neutiquam

558 3570 670 3621 tamen
679 3528 829 3653 dubium
853 3554 898 3618 eis
920 3549 1115 3633 haberetur,
1146 3553 1204 3643 qui
1225 3552 1356 3646 aliquid
1378 3542 1426 3624 de

558 3648 744 3719 Germaniae
766 3657 881 3720 veteris
902 3651 983 3720 llatu
1011 3666 1236 3766 perceperunt.
1296 3650 1421 3723 Μανία
1466 3728 1468 3733 ,

556 3768 656 3819 etiam
671 3750 911 3845 appellabatur,
939 3746 1139 3821 usitatilsrmo
1154 3756 1223 3819 iam
1238 3750 1390 3821 dudum
1381 3775 1419 3821 tn
1448 3806 1450 3817 .
1477 3834 1480 3841 Ι

555 3844 706 3944 plurimis
726 3857 861 3949 Imperii
878 3852 1023 3949 partibus
1043 3850 1260 3936 vocabulo,
1244 3874 1277 3920 ra
1296 3852 1419 3929 natiue

1152 4033 1154 4037 ¹
1242 3950 1417 4041 Holsrtiae.
1473 4014 1482 4027 .,
