3967 5009
524 624 601 697 47⁰
792 558 1196 700 'otonis
1398 527 1420 575 l

528 775 634 870 genio
649 766 778 841 mensus
793 790 879 849 erat,
896 766 956 841 'sed
972 793 1045 865 quae
1067 770 1144 841 talia
1169 767 1280 867 reapse
1296 786 1408 857 erant,

446 896 456 945 t
533 890 731 967 argumento
746 873 766 940 l.
789 892 827 953 52
845 869 883 963 ff.
906 872 1075 971 delegat.
1092 862 1135 940 ὅ
1157 869 1346 958 Fidelem.)
1369 875 1408 939 in
1438 880 1444 889 '

533 972 739 1045 nonnullam
767 972 1012 1043 dubitationem
1039 973 1250 1054 adduoetur,
1293 994 1407 1040 utrum

478 1074 481 1079 ’
534 1074 724 1146 incredibili
760 1074 861 1145 hodie
896 1072 1081 1144 formarum
1118 1074 1158 1142 in'
1186 1071 1408 1143 exscribendis

499 1170 509 1186 ⁸
534 1173 865 1270 multiplicandisque
881 1171 1089 1268 singulorum
1107 1173 1269 1243 librorum
1292 1172 1408 1275 eptem·

433 1312 442 1337 -ι
534 1277 602 1375 plis
628 1276 788 1345 celeritati
813 1274 914 1371 prisca
940 1275 1104 1369 scribendi
1128 1274 1265 1345 ambitio
1290 1274 1408 1343 cedere

537 1378 675 1460 debeat,
704 1401 749 1444 an
772 1379 929 1447 tarditatis
949 1376 1137 1458 cuiusdam,
1162 1401 1233 1469 quae
1255 1372 1344 1444 forte
1365 1373 1407 1441 a'd

537 1480 720 1548 hominurn
739 1476 925 1546 nostrorum
945 1481 1146 1571 opinionem
1161 1475 1340 1572 speciosior
1355 1473 1408 1553 eil,

536 1602 575 1651 ea
590 1583 660 1646 iure
674 1579 857 1650 damnetur.
882 1580 932 1646 Ac
947 1580 1031 1646 mihi
1046 1579 1192 1671 quidem,
1202 1577 1243 1645 ad
1259 1601 1332 1646 earn
1350 1597 1408 1642 co—

536 1682 736 1772 gitationem
756 1676 979 1760 incumbenti,
994 1681 1079 1746 redit
1095 1683 1132 1771 in
1148 1682 1347 1747 memoriam
1363 1674 1409 1755 id,
1421 1673 1441 1707 ‘⁸

538 1780 581 1849 de
603 1802 673 1875 quo
694 1773 776 1874 saepe
794 1802 927 1849 mecum
950 1783 1108 1874 cogitavi.
1155 1777 1300 1866 Scilicet,
1322 1780 1416 1851 hane

434 1926 437 1933 -
537 1877 648 1948 solam
664 1878 938 1975 Chalcogtaphiae
953 1902 1053 1948 artem
1068 1883 1139 1946 vim
1156 1875 1294 1960 habere,
1314 1880 1410 1972 equi·

451 2036 455 2051 .
538 1980 616 2048 dem
633 1980 751 2061 ctedo,
775 2004 846 2049 non
865 2001 901 2049 ut
915 1980 1009 2074 plura
1026 1975 1187 2047 librorum
1203 1998 1342 2069 genera,
1355 1973 1410 2046 sed

541 2072 579 2143 ut
593 2070 697 2143 multa
712 2082 861 2140 eiusdem
880 2076 955 2147 libri
971 2074 1148 2175 ἀρχέῖυπα
1170 2075 1309 2173 proferri
1334 2075 1411 2174 pos·
1430 2106 1432 2111 ·

539 2175 623 2257 srnt,
648 2195 724 2241 curn
740 2173 855 2240 contra
871 2173 1099 2267 apudueterer
1114 2184 1251 2247 unicum
1274 2179 1410 2251 exilaret

540 2269 770 2373 aloldyqervot,
787 2270 913 2367 reliqua
937 2279 1051 2344 omnia
1073 2272 1172 2346 essent
1196 2274 1436 2381 ot'rrdypadlotst

540 2375 624 2465 Inde
654 2392 766 2443 tamen
798 2373 924 2442 nullam
958 2375 1093 2449 historia
1128 2381 1286 2450 indutam
1316 2379 1411 2471 fecit,

485 2548 492 2562 ‚
542 2471 653 2543 multo
667 2477 778 2541 minus
792 2497 900 2541 retum
916 2481 1077 2544 memoria
1094 2482 1222 2562 uivere,
1246 2485 1280 2551 dt
1294 2483 1336 2548 ad
1349 2502 1412 2576 po·-

415 2663 418 2678 .
464 2656 467 2661 ¹
485 2664 488 2673 Ι
541 2575 640 2645 steros
655 2578 842 2668 propagati,
857 2573 963 2669 desiit,
983 2574 1038 2646 sed
1055 2575 1137 2645 felix
1153 2575 1209 2650 illa
1225 2584 1260 2650 dc
1276 2580 1411 2654 salubris

542 2670 630 2744 forte
647 2676 875 2773 exemplorum
887 2681 1036 2772 paucitas
1053 2677 1261 2770 diligentiam
1275 2679 1413 2777 scripto·

542 2798 617 2844 turn
631 2781 737 2858 acuit,
763 2799 868 2871 eoque
887 2776 998 2870 adegit
1013 2801 1148 2876 ueteres,
1167 2802 1202 2848 ut
1218 2806 1408 2876 quaererent,

456 2906 461 2911 ·
498 2914 500 2919 ·
542 2877 602 2946 irbi
624 2877 682 2945 diu
696 2878 925 2985 consisterent,
952 2879 1008 2948 ubi
1030 2879 1233 2966 habitarent,
1256 2882 1312 2952 ubi
1335 2907 1410 2956 rno-

417 2986 425 3037 '.
454 2984 463 3067 ⁴,
540 2995 698 3059 tarentus.
1147 2998 1149 3003 '
1247 3010 1249 3017 ·

589 3078 644 3149 Ad
656 3091 775 3177 μμ·
789 3098 863 3148 ntus
882 3102 979 3149 avom
992 3093 1081 3151 outre
1094 3078 1161 3153 cela
1181 3078 1211 3154 le
1222 3076 1352 3178 stertere
1369 3078 1413 3158 de

428 3252 444 3267 Ι,
495 3200 521 3214 ·’
541 3177 572 3245 la
590 3180 761 3268 Critique)
783 3182 833 3246 En
848 3184 1087 3265 cotZenodoti,
1099 3206 1141 3253 en
1155 3188 1410 3259 iecurCratetis!
1443 3216 1445 3223 ·

477 3314 485 3322 -
543 3277 712 3345 Veteribus
736 3281 971 3351 Gram'matices
985 3280 1128 3353 'laudern
1151 3286 1292 3381 eripere,
1315 3294 1411 3358 cuiue

431 3387 444 3435 ἱ
542 3377 677 3479 demum
698 3377 763 3448 hoc
780 3377 899 3448 frontis
914 3381 975 3452 est?
998 3388 1084 3480 Qtis'
1096 3388 1248 3477 ignorat,
1272 3413 1410 3459 omnem

542 3476 634 3547 illius
647 3476 859 3574 disciplinam
882 3506 901 3549 a
924 3485 1024 3553 Cratt
1041 3485 1192 3580 Mallote,
1217 3476 1411 3578 Aristarcho,

543 3582 579 3648 dc
597 3581 692 3650 Sexto
706 3584 876 3681 limpido,
885 3582 1123 3655 tarnsubtiliter
1130 3584 1325 3682 descriptam
1335 3586 1411 3678 effe,

542 3697 578 3755 ut
593 3678 683 3749 illius
699 3677 804 3750 initiis
819 3688 931 3752 omnis
956 3686 1126 3755 iudicandi
1150 3693 1202 3758 vis
1224 3688 1259 3759 dt
1284 3689 1410 3785 sagaei⁴

542 3796 592 3845 tas
615 3779 830 3855 sustentetur·
862 3789 954 3854 -Non
983 3790 1074 3856 enirn
1102 3791 1326 3863 Grammatict
1347 3791 1448 3866 ,illes

490 3952 500 3975 x
537 3875 580 3949 'de
594 3885 627 3946 vi
642 3886 819 3979 tantum&
833 3886 991 3980 potestate
1006 3887 1181 3959 verborum
1196 3890 1329 3979 docuit,
1345 3890 1411 3977 ‚sed

499 4025 505 4041 .
528 3995 701 4093 puguant·
719 3984 1055 4089 omniunt-librorum
1070 3986 1183 4063 fidelis
1204 3992 1410 4082 'custoi,··in-

581 4096 629 4131 ιι..
713 4088 717 4096 “
847 4088 867 4135 ’ᾗ
893 4098 913 4133 1¹.
933 4104 965 4138 t.

531 4088 559 4127 ²²
1162 4148 1164 4152 .
1249 4112 1252 4119 ’
1303 4114 1432 4187 Ιπετ-ι
