3967 5009
701 662 704 667 ,
834 572 877 652 ιι
931 552 1127 693 (fem
1163 590 1166 597 ¹
1362 575 1444 660 ιιι.

596 731 776 807 Adverba
795 718 1166 830 Praefat.1nfin..))q'rl
1187 748 1233 799 on
1246 742 1291 801 'ne
1305 752 1422 830 regas·

537 834 637 906 alm
653 856 712 936 pa}
725 859 840 903 comant
848 855 911 900 rme
921 829 1075 901 remetire
1088 832 1113 919 J
1154 832 1262 901 Immo
1279 852 1419 902 temera
1479 860 1482 877 ·

542 941 642 1031 rium
658 935 719 1010 est
745 934 800 1003 sua
817 932 925 1001 sensus
942 931 1165 1014 abundantia,
1186 954 1258 1002 non
1272 930 1418 1005 aliorum
1435 1015 1437 1035 Ι

553 1042 690 1104 maturis
706 1036 858 1114 iudiciis,
872 1030 1022 1103 aduersus
1040 1051 1090 1101 tot
1112 1034 1270 1129 priorum
1282 1031 1420 1103 saeculo

552 1161 627 1204 rum
641 1138 795 1204 homines
810 1133 968 1220 eruditos,
986 1156 1159 1229 rerumque
1174 1138 1308 1229 peritos,
1325 1133 1419 1226 stare,
1456 1154 1460 1165 ’
1481 1134 1488 1153 ’

496 1288 498 1293 -
552 1240 602 1306 &
598 1239 793 1318 cornicum,
815 1254 853 1304 ut
866 1238 980 1317 aiunt,
1002 1231 1119 1303 oculor
1134 1231 1299 1327 configere
1313 1234 1419 1309 velie.

552 1335 652 1405 Valet
677 1341 787 1417 enim,
813 1356 849 1404 ut
872 1339 910 1404 in
931 1332 1166 1405 multistebue
1189 1334 1283 1421 aliis,
1314 1333 1417 1407 sicin
1477 1336 1483 1354 ’
1563 1352 1566 1359 “

533 1406 686 1504 historia
704 1434 888 1531 prasertim,
912 1454 1006 1505 vetus
1030 1439 1220 1505 Graecorum
1242 1436 1418 1529 adagiumt

551 1533 617 1610 Τῶν
632 1513 781 1610 πλειόνων
794 1530 911 1632 &iiber
930 1535 1013 1610 ιικᾶ.
1040 1534 1206 1637 Atque
1165 1538 1230 1607 hoc
1246 1537 1419 1634 probatio·

549 1640 603 1703 nis
617 1644 723 1730 'genus
746 1660 935 1731 expugnate
960 1636 1127 1707 interdum
1141 1642 1198 1707 vix
1211 1642 1327 1708 veritas
1341 1658 1418 1735 pot

551 1734 645 1808 est.¹
642 1739 714 1805 Ad
730 1734 829 1807 fidem
849 1734 1041 1809 faciendam
1054 1742 1209 1834 quaetitur
1228 1739 1418 1813 auctoritas.

546 1836 792 1915 Austoritatem
812 1857 941 1931 tempus
969 1841 1004 1907 &
1028 1837 1179 1908 constane
1200 1835 1300 1909 fama
1310 1835 1418 1910 asten.
1525 1858 1551 1936 J

549 1937 611 2004 Uti
635 1940 726 2003 enim
742 1940 821 2004 iuris
835 1937 943 2005 divini
965 1940 1171 2034 humanique
1194 1939 1345 2009 notiores
1367 1960 1419 2011 re·

549 2035 599 2104 este
622 2055 764 2128 putant,
785 2033 937 2128 famam,
959 2061 1026 2129 qua
1045 2035 1103 2099 du
1123 2042 1249 2130 viguit,
1270 2030 1420 2131 prestam-

546 2141 663 2203 u'onem
684 2140 766 2204 iuris
786 2134 958 2216 indecem
980 2137 1027 2201 ita
1050 2135 1152 2200 eriam
1173 2132 1319 2216 historia,
1345 2134 1420 2235 qtiae
1478 2148 1483 2159 ‘

548 2239 653 2306 vitam
672 2239 706 2305 &
728 2239 925 2305 memoriam
949 2233 1127 2302 hominum
1145 2231 1333 2303 nostrorum
1356 2230 1418 2307 diu

548 2333 693 2418 exceffit‚
727 2334 998 2406 dubitatiunculis
1019 2332 1216 2428 quibusdam
1245 2354 1418 2430 perperam

547 2438 704 2508 elevatur.
752 2433 972 2505 Sufficitenim
982 2437 1019 2501 in
1034 2432 1418 2529 rebusperu‘etustiS‚ma·-
1437 2492 1440 2497 .

548 2541 634 2605 iores
658 2535 786 2604 nostros
806 2535 888 2605 talia
913 2533 1009 2603 nobis
1031 2530 1209 2608 bonafide
1233 2532 1419 2621 tradidisse3
1464 2600 1466 2605 .

547 2659 611 2705 nec
633 2634 771 2705 dubium
794 2636 862 2716 est,
896 2639 978 2728 quin
1009 2638 1153 2702 Romani
1176 2635 1246 2730 post
1275 2635 1417 2729 longam

545 2741 614 2806 veri
629 2735 771 2829 rnqurs
749 2755 876 2803 tionem
893 2739 927 2804 &
943 2757 1053 2802 curam
1066 2739 1202 2833 amiqua
1217 2758 1324 2805 rerum
1346 2760 1423 2805 mo·

547 2858 708 2905 numento
743 2831 1020 2929 composuerint,
1074 2828 1192 2928 quibus
1220 2840 1415 2931 ceteroquin

547 2935 686 3008 subtile
697 2938 731 3005 &
760 2953 884 3002 certum
912 2934 1065 3003 videndis
1094 2933 1217 3003 artibus
1254 2936 1419 3010 iudicium

547 3043 583 3110 &
598 3039 758 3128 contigit,
789 3039 824 3106 &
843 3034 944 3104 nostri
964 3036 1117 3106 homines
1132 3036 1251 3106 haud
1241 3041 1340 3105 rnvin
1331 3020 1415 3107 ιιᾶὁ

547 3139 712 3207 dixerunt.
761 3139 883 3204 Verum
911 3155 946 3204 tu
975 3136 1184 3206 auctoritates
1213 3142 1414 3224 contemnis,
1442 3211 1445 3216 ,

546 3237 600 3305 vei
617 3242 679 3307 toti
694 3240 780 3305 certe
795 3234 942 3337 veterum
957 3233 1045 3305 claffi
1059 3241 1239 3333 ancipitem
1257 3239 1413 3311 lotorum

546 3332 852 3430 interpretationem
874 3341 1036 3453 opponis,
1058 3341 1093 3407 &
1114 3341 1243 3409 tatione
1270 3360 1412 3455 pugnas.

546 3442 659 3507 Patere
691 3441 809 3528 igitur,
838 3442 982 3506 rationes
1010 3461 1099 3511 meas
1129 3460 1206 3507 cum
1237 3443 1300 3508 tuis
1328 3459 1428 3506 cona·

544 3538 704 3619 tendere,
741 3540 902 3630 quoniam
927 3560 978 3606 res
1003 3542 1151 3620 Latinas,
1172 3560 1249 3607 meo
1256 3532 1411 3635 ,quidem

545 3639 674 3708 iuditio
692 3660 761 3705 non
782 3642 877 3706 omni
897 3636 1002 3706 modo
1025 3637 1157 3720 dubias,
1178 3659 1413 3732 argumentari·
1489 3676 1494 3685 ·

546 3740 592 3808 do
617 3735 732 3806 dubias
756 3733 847 3810 facis.
895 3739 1058 3832 Equidem
1082 3742 1201 3823 miror,
1223 3762 1320 3835 quare
1348 3740 1411 3810 Sa-

545 3840 717 3926 litrii,viri
737 3841 824 3910 inter
834 3841 1080 3938 paucushodie
1094 3836 1210 3913 Gallos
1225 3836 1419 3929 doetiffimi„

850 3994 874 4027 ,.
940 3944 1136 4037 ¹<331st
1185 3976 1212 3991 ³1
1309 3943 1415 4037 rati03
