3967 5009
617 564 677 663 nl
897 570 900 575 ’
937 580 978 661 u
1000 648 1002 653 .
1027 568 1043 665 t
1065 562 1128 667 ol
1172 562 1213 661 ts

1119 694 1126 725 ,
1465 695 1468 701 .

664 750 726 804 tam
744 756 781 801 er
795 729 969 813 Poetarum,
988 743 1119 815 eliorum
1138 736 1321 803 mendam
1342 728 1485 822 precipua

664 824 788 911 possetis
800 824 1010 889 commendare
1021 823 1416 899 solitorummonumentis
1428 845 1486 905 per·

665 908 804 989 ceperint
829 908 1076 983 detestationem,
1106 910 1237 987 hincque
1266 922 1333 971 tam
1362 904 1488 989 religios!
1534 906 1536 921 '

666 1013 780 1058 nomen
790 1012 895 1053 eorum
912 994 942 1055 ἃ
954 992 1105 1057 Musarum
1120 992 1243 1055 delubra
1257 990 1419 1053 coluerint
1430 1009 1490 1073 geu⁸¹

667 1081 754 1149 tiles,
773 1076 892 1136 conslat.

709 1152 812 1223 Liceat
825 1178 924 1221 aurem
937 1160 1143 1242 superioribus,
1156 1178 1228 1239 ques
1241 1142 1329 1221 mie
1338 1161 1492 1221 Poetarum
1530 1202 1532 1207 -

667 1245 888 1307 existimationis
907 1248 940 1306 in
953 1246 1086 1307 medium
1105 1246 1310 1327 prorulimus,
1328 1244 1427 1305 musas
1446 1261 1493 1305 rer·

668 1330 1052 1475 ississslii‘liii’sl
1067 1328 1493 1483 ‘ssss‘s'snssslzs

668 1495 900 1577 Philosophiam,
918 1497 948 1558 δι
969 1496 1118 1573 Etlticam,
1134 1494 1270 1579 &ipsam
1291 1495 1492 1574 Theologiam
1538 1526 1541 1535 ·

530 1630 536 1645 .
549 1610 553 1623 ·
576 1580 579 1593 '
668 1578 894 1653 suamlraustam
907 1582 1075 1659 antiquitus
1086 1602 1120 1643 rc
1133 1582 1300 1641 derivatam
1309 1579 1386 1654 esse,
1396 1579 1493 1662 perspi·

668 1664 796 1726 ciebant.
834 1664 1040 1726 Vetustissmis
1058 1684 1188 1742 namque
1201 1646 1385 1737 nationibus
1408 1662 1494 1725 omni·
1543 1672 1545 1679 '

594 1746 600 1763 ''
663 1748 726 1809 ‘bus
739 1750 867 1809 inmore
880 1749 940 1809 fuit
956 1750 1099 1830 positum,
1119 1747 1241 1821 illustria
1253 1747 1437 1811 utsuorum
1457 1747 1494 1809 ss*

668 1833 724 1907 fla,
736 1832 766 1892 br
780 1830 839 1912 ipsa
851 1853 971 1912 quoque
983 1833 1136 1913 religionis
1148 1850 1336 1912 montmque
1351 1832 1493 1914 dogmate,-

667 1916 1013 1997 verstbusconsgnarent,
1028 1916 1065 1976 rb
1078 1918 1203 1977 ineunte
1217 1931 1309 1975 etate
1322 1914 1493 1987 ediscendis,

666 2000 697 2062 dr
724 1998 760 2061 ad
786 2001 933 2061 virtutum
966 1999 1168 2063 imitationem
1194 1994 1244 2059 fibi
1282 1999 1494 2081 proponendis
1537 2020 1546 2077 2

666 2084 800 2151 Eandem
814 2086 917 2163 itaque
928 2086 1077 2145 rationem
1090 2082 1185 2145 secuti
1205 2082 1395 2179 Greeorunp
1407 2082 1493 2147 Philo·
1537 2102 1550 2163 'J

668 2167 772 2249 sophi,
799 2168 1004 2245 antiquissimis
1025 2166 1240 2248 mythicisque,
1256 2164 1320 2227 nri
1343 2185 1506 2249 nuncupa,

666 2268 738 2315 runt
757 2250 826 2333 ipsi,
845 2253 1028 2333 temporibus
1049 2272 1085 2313 ea
1105 2250 1285 2313 carminibus
1298 2251 1491 2325 tradiderunt,
1541 2258 1548 2265 '

668 2356 733 2415 quar
746 2335 784 2395 de
796 2334 865 2396 Deo
877 2337 1024 2414 rebusque
1037 2334 1145 2397 divinis
1158 2334 1347 2407 sentiebant,
1374 2356 1442 2414 que
1455 2328 1491 2395 rel

527 2492 534 2497 ..
651 2417 825 2492 -facienda,
844 2421 892 2478 vel
906 2418 1057 2500 fugienda,
1080 2418 1146 2479 sana
1168 2416 1320 2479 disturbat
1338 2420 1443 2497 ratio,
1461 2416 1492 2479 de
1542 2440 1557 2487 ,·

584 2522 618 2607 ⁸.
669 2494 852 2563 naturalibus
868 2503 944 2563 item
964 2522 1064 2563 return
1086 2500 1175 2562 causis
1193 2498 1418 2576 tremuistis,
1436 2516 1492 2581 qus

648 2657 651 2665 Ι
667 2586 768 2647 animo
786 2602 1002 2666 contremunt,
1015 2606 1078 2662 quae
1092 2585 1222 2663 deniquo
1233 2604 1268 2646 ex
1281 2585 1492 2649 traditionibus

671 2669 711 2731 de
723 2668 869 2745 maiorum
883 2688 953 2729 ortu
959 2689 994 2730 ac
1007 2668 1165 2751 progressu,
1188 2667 1246 2737 sue
1261 2666 1301 2730 de
1313 2666 1384 2731 aliis
1397 2670 1492 2750 eriam,

666 2754 745 2816 fama
758 2772 947 2835 acceperant:
966 2754 1044 2825 baec,
1061 2756 1201 2831 inquam,
1219 2754 1352 2813 omnino
1368 2754 1493 2817 versibus

667 2840 749 2901 olim·
761 2835 970 2917 comprehensa
990 2837 1198 2915 relinquebant
1210 2834 1357 2917 posteris,
1380 2850 1447 2899 tum
1459 2845 1492 2898 ut'
1537 2902 1544 2915 ‚

664 2922 720 2983 llio
739 2922 817 3000 quali
836 2924 903 3000 velo
935 2920 1141 2999 sublimiorum
1167 2908 1362 2981 scientiarum
1390 2940 1491 2983 arram

502 3044 506 3053 ·
563 3078 567 3087 ‚
666 3009 851 3068 occultarent
873 3002 1074 3076 solertissime,
1094 3022 1160 3067 tum
1173 3021 1208 3065 ut
1222 3002 1370 3085 vulgum,
1393 3005 1492 3069 metris
1537 3043 1542 3051 ·

668 3086 807 3151 deleslati
819 3089 957 3160 solitum,
978 3088 1014 3149 ad
1029 3087 1175 3151 credenda
1191 3085 1244 3147 ista
1262 3107 1302 3148 eo
1324 3087 1491 3151 invitarent

667 3173 787 3235 fortius.
800 3204 806 3211 ·
818 3172 861 3233 lta
877 3166 979 3243 Olmie,
992 3172 1086 3255 Lycii,
1098 3173 1144 3245 ita¹
1153 3170 1280 3253 Pamphi,
1295 3170 1491 3251 Atheniensis,
1532 3188 1535 3197 ·

669 3256 784 3338 hymni,
799 3256 877 3336 apud
894 3256 1012 3318 Grecos
1027 3253 1217 3327 vetustiffimi,
1229 3255 1360 3323 fuerunt
1374 3266 1490 3339 compa·

667 3342 733 3402 rati.
772 3340 817 3401 lta
832 3342 860 3400 bt
874 3340 993 3420 Orphei,
1010 3342 1051 3403 ita
1064 3338 1182 3421 Musei,
1200 3341 1242 3401 ita
1259 3341 1337 3407 Lini,
1352 3343 1490 3403 aliorum*

668 3443 736 3506 que,
752 3439 838 3493 erant
851 3442 964 3486 exarata
980 3425 1129 3505 carmina,
1147 3440 1274 3500 quorum
1294 3416 1332 3484 ad
1347 3444 1408 3488 nos
1429 3436 1489 3489 me·

666 3509 759 3571 moria
772 3511 917 3590 pervenit.
956 3510 1024 3583 Nec
1037 3512 1172 3571 Homerus
1181 3508 1305 3587 quidem
1314 3509 1490 3572 eximendus

668 3610 705 3655 ex
723 3593 776 3653 hae
799 3592 881 3654 classe
901 3593 973 3665 erit,
993 3595 1093 3657 iudice
1115 3594 1254 3660 Horatio,
1274 3593 1346 3671 qui,
1363 3595 1439 3673 quid
1459 3594 1489 3655 in

667 3694 843 3756 unaquaque
858 3698 891 3747 re
907 3677 1074 3759 pulchrum,
1096 3695 1236 3757 turpeve,
1255 3676 1330 3754 quid
1343 3678 1436 3751 utile,
1450 3676 1489 3747 lit,

667 3776 795 3831 necne,
813 3763 920 3823 melius
933 3763 962 3822 ἃ
975 3764 1092 3843 plenius
1107 3761 1142 3821 ab
1158 3781 1210 3833 eo,
1229 3778 1318 3839 quam
1333 3780 1350 3821 a
1366 3752 1489 3844 chrystp

661 3856 701 3925 pu
720 3845 748 3904 8(
765 3849 908 3925 Crantore,
926 3848 1009 3917 tradi,
1023 3846 1223 3907 millimavit'
1245 3844 1335 3905 Haud
1348 3844 1423 3911 inde
1436 3848 1489 3927 im·

666 3929 777 3993 merito
785 3930 912 3993 Portos
923 3930 1026 4013 priscis
1036 3929 1173 4016 appellati
1185 3928 1253 3995 suut
1261 3927 1423 4011 Theologi
1431 3928 1489 3991 De·

1340 4021 1490 4098 urumque
1542 4070 1544 4075 .
